@book{hari,
	author="Zlatko Drmač and Vjeran Hari and Miljenko Marušić and Mladen Rogina and Sanja Singer and Saša Singer",
	title = "Numerička analiza",
	publisher="Sveučilište u Zagrebu, PMF - Matematički odjel",
	year = "2003"
}
@misc{ChEn2450,
	author = "James C. Sutherland",
	title = "Interpolation",
	year = "2014"
}
@misc{pmfPrezp5,
	author = "Miljenko Marušić",
	title = "Aproksimacija splajnovima",
	%year = ""

}
@misc{NumMatPrez,
	author = "Luka Grubišuć",
	title = "Numerička matematika, predavanja 09/10, treće poglavlje (interpolacija)",
	year = "2010"
}
@misc{SteigerPrez,
	author = "James H. Steiger",
	title = "An Introduction to Splines",
	publisher= "Department of Psychology and Human Development, Venderbilt University"
}
